<record><leader>00000cas a22000007a 4500</leader><controlfield tag="001">17946992</controlfield><controlfield tag="008">880513d19351966nyuwn ne      0    0eng d</controlfield><datafield ind1=" " ind2=" " tag="010"><subfield code="a">sn 88075701 </subfield></datafield><datafield ind1=" " ind2=" " tag="040"><subfield code="a">NYG</subfield><subfield code="b">eng</subfield><subfield code="c">NYG</subfield><subfield code="d">OCL</subfield><subfield code="d">NYS</subfield><subfield code="d">OCLCQ</subfield><subfield code="d">OCLCF</subfield><subfield code="d">OCLCO</subfield></datafield><datafield ind1=" " ind2=" " tag="042"><subfield code="a">msc</subfield></datafield><datafield ind1=" " ind2=" " tag="043"><subfield code="a">n-us-ny</subfield></datafield><datafield ind1="0" ind2=" " tag="130"><subfield code="a">Port Jefferson times (Port Jefferson, N.Y. : 1935)</subfield></datafield><datafield ind1="1" ind2="0" tag="245"><subfield code="a">Port Jefferson times.</subfield></datafield><datafield ind1=" " ind2=" " tag="260"><subfield code="a">Port Jefferson, N.Y. :</subfield><subfield code="b">Suffolk Consolidated Press Co.</subfield></datafield><datafield ind1=" " ind2=" " tag="300"><subfield code="a">v.</subfield></datafield><datafield ind1=" " ind2=" " tag="310"><subfield code="a">Weekly</subfield></datafield><datafield ind1="0" ind2=" " tag="362"><subfield code="a">57th year, no. 2928 (Mar. 15, 1935)-v. 89, [no.] 43 (Nov. 4, 1966).</subfield></datafield><datafield ind1=" " ind2=" " tag="500"><subfield code="a">"Devoted to the best interests of northern Brookhaven."</subfield></datafield><datafield ind1=" " ind2="0" tag="651"><subfield code="a">Port Jefferson (N.Y.)</subfield><subfield code="v">Newspapers.</subfield></datafield><datafield ind1=" " ind2="0" tag="651"><subfield code="a">Brookhaven (N.Y. : Town)</subfield><subfield code="v">Newspapers.</subfield></datafield><datafield ind1=" " ind2="0" tag="651"><subfield code="a">Suffolk County (N.Y.)</subfield><subfield code="v">Newspapers.</subfield></datafield><datafield ind1=" " ind2="7" tag="655"><subfield code="a">Newspapers.</subfield><subfield code="2">fast</subfield><subfield code="0">(OCoLC)fst01423814</subfield></datafield><datafield ind1=" " ind2="7" tag="651"><subfield code="a">New York (State)</subfield><subfield code="z">Brookhaven (Town)</subfield><subfield code="2">fast</subfield><subfield code="0">(OCoLC)fst01333178</subfield></datafield><datafield ind1=" " ind2="7" tag="651"><subfield code="a">New York (State)</subfield><subfield code="z">Port Jefferson.</subfield><subfield code="2">fast</subfield><subfield code="0">(OCoLC)fst01203448</subfield></datafield><datafield ind1=" " ind2="7" tag="651"><subfield code="a">New York (State)</subfield><subfield code="z">Suffolk County.</subfield><subfield code="2">fast</subfield><subfield code="0">(OCoLC)fst01207260</subfield></datafield><datafield ind1=" " ind2=" " tag="752"><subfield code="a">United States</subfield><subfield code="b">New York</subfield><subfield code="c">Suffolk</subfield><subfield code="d">Port Jefferson.</subfield></datafield><datafield ind1="0" ind2="0" tag="780"><subfield code="t">Port Jefferson times-echo</subfield><subfield code="w">(DLC)sn 88075685</subfield><subfield code="w">(OCoLC)17819978</subfield></datafield><datafield ind1="0" ind2="0" tag="785"><subfield code="t">Suffolk eagle</subfield><subfield code="w">(DLC)sn 95071412</subfield><subfield code="w">(OCoLC)32852286</subfield></datafield></record>